<?xml version="1.0" encoding="UTF-8"?><collection xmlns="http://www.loc.gov/MARC21/slim"><record><leader>00646nam--2200181-i-4500</leader><controlfield tag="001">000035934</controlfield><controlfield tag="002">20161230</controlfield><controlfield tag="005">20161230201040</controlfield><controlfield tag="008">060222s1000------------r-----000-0-eng-d</controlfield><datafield ind1=" " ind2=" " tag="040"><subfield code="a">IFIN-HH</subfield></datafield><datafield ind1=" " ind2=" " tag="080"><subfield code="a">539.141.1(061.3)</subfield></datafield><datafield ind1="1" ind2=" " tag="100"><subfield code="a">Mihailovic, V</subfield></datafield><datafield ind1="1" ind2="0" tag="245"><subfield code="a">Nuclear many body problems</subfield><subfield code="b">Proceedings of the 12th internationl summer meeting in physics, hergeg novi, yugoslavia 7-19 august 1967</subfield><subfield code="c">V. mihailovic, mitja rosina, janez strnad (eds.)</subfield></datafield><datafield ind1=" " ind2=" " tag="260"><subfield code="a">Beograd</subfield><subfield code="b">The Federal Nuclear Energy Commission Of Yugoslavia</subfield><subfield code="c">1967</subfield></datafield><datafield ind1=" " ind2=" " tag="300"><subfield code="a">III+437P</subfield></datafield><datafield ind1="1" ind2=" " tag="700"><subfield code="a">Dtrand, Janez</subfield><subfield code="e">Ed</subfield></datafield><datafield ind1=" " ind2=" " tag="852"><subfield code="a">28178</subfield><subfield code="c">539.141</subfield></datafield><datafield ind1=" " ind2=" " tag="CAT"><subfield code="a">Sys</subfield><subfield code="c">20120417</subfield><subfield code="h">171314</subfield></datafield></record></collection>